\chapter{Cinématique des milieux continus}
\section{Les vitesses de déformation}

\section{Le tourbillon}

\section{Les déformations}